\newcommand{\urltilde}[1]{\texttt{#1}}} 
@string{GD ={{Danielsen}, G.}

@Article{ehaettner,
author = {E.Haettner},
title = {Experimental study on carbon ion fragmentation in water using GSI therapy beams},
howpublished = {Masters thesis},
year = {2006}
}

@Article{weber,
author = {U.Weber},
title = {Volumenkonforme Bestrahlung mit Kohlenstoff-Ionen zur Vorbereitung einer Strahlentherapie},
howpublished = {Ph.D Thesis, in German},
year = {1996}
}

@Article{gunzert-marx,
author = {K. Gunzert-Marx, H. Iwase, D. Schardt and R.S. Simon},
title = {Secondary beam fragments produced by 200 MeV/u 12C ions in water and their dose contribution in radiotherapy},
journal = {New Journal of Physics},
year = {2008},
volume = {10},
doi = {10.1088/1367-2630/10/7/075003},
}

@Manual{physicsManual,
author = {The GEANT4 Collaboration (S.Agnostelli et al.)},
title = {GEANT4 Physics Reference Manual},
year = {2008},
volume = {Version: geant4 9.2 (19 December, 2008)},
}

@Article{Weisskopf,
  title = {On the Yield of Nuclear Reactions with Heavy Elements},
  author = {Weisskopf, V. F. and Ewing, D. H.},
  journal = {Phys. Rev.},
  volume = {57},
  number = {6},
  pages = {472--485},
  numpages = {13},
  year = {1940},
  month = {Mar},
  doi = {10.1103/PhysRev.57.472},
  publisher = {American Physical Society}
}



@Article{bethebloch53,
author = {H. Bethe, J. Ashkin ed. E. Segré, J. Wiley, New York, 1953, p. 253},
title = {N/A},
journal = {Experimental Nuclear Physics, p.253, J. Wiley, New York, 1953},
year = {1953}
}

@Article{ojakel,
author = {O. Jäkel},
title = {The relative biological effectiveness of proton and ion beams},
journal = {Zeitschrift für Medizinische Physik, Volume 18, Issue 4, December 2008, Pages 276-285 },
year = {2008}
}

@Article{bohr13,
author = {N.Bohr},
title = {On the theory of the decrease of velocity of moving electrified particles
on passing through matter,
journal = {Phil. Mag. 25, 10-31},
year = {1913}
}

@Article{PhysRevC.66.044615,
  title = {Intranuclear cascade model for a comprehensive description of spallation reaction data},
  author = {Boudard, A.  and Cugnon, J.  and Leray, S.  and Volant, C. },
  journal = {Phys. Rev. C},
  volume = {66},
  number = {4},
  pages = {044615},
  numpages = {28},
  year = {2002},
  month = {Oct},
  doi = {10.1103/PhysRevC.66.044615},
  publisher = {American Physical Society}
}


@Article{iia,
  title = {Implementation of INCL cascade and ABLA evaporation codes in Geant4},
  author = {A Heikkinen, P Kaitaniemi, A Boudard},
  journal = {International Conference on Computing in High Energy and Nuclear Physics (CHEP07)},
  pages = {Journal of Physics: Conference Series 119, doi:10.1088/1742-6596/119/3/032024},
}

@Article{incl42cascadeandabla,
  title = {INCL 4.2 Cascade and ABLA V3 Evaporation with Fission},
  author = {A. Boudard, J. Cugnon, P. Kaitanie, A.Heikkinen et al.},
  journal = {Geant4 Documentation},
}

@Article{golovkov,
  title = {Fragmentation of 270 MeV Carbon Ions in Water},
  author = {M. Golovkov et al.},
  journal = {Excerpta medica int congress  series 1144, Elsevier Science},
  pages = {316-324},
  year = {1997},
}

@Article{RW46,
  title = {Radiological use of fast protons},
  author = {Wilson. R},
  journal = {Radiology 47},
  pages = {487-489},
}

@Article{SummaryReport,
  title = {Summary Report, First Research Coordination Meeting on Heavy Charged-Particle Interaction Data},
  author = {H. Palmans, R. Capote},
  journal = {IAEA Headquarters, 6-9 November 2007},
}

@TechReport{PTCOGstat,
author = {Martin Jermann (secretary)},
title = {Patient statistics per end of 2008 (http://ptcog.web.psi.ch/Archive/Patientstatistics-update02Mar2009.pdf)},
institution = {Particle Therapy Co-Operative  Group (PTCOG)},
year = {2009}
}

@Misc{ablatalk,
author = {K-H.~Schmidt, A.~Kelic},
title = {ABLA - A Monte Carlo code for the description of the de-excitation of an excited compound nucleus.},
howpublished = {Talk given at Geant4 INCL/ABLA meeting Paris},
year = {2006},
month = {june},
OPTlocalfile = {ablajune2006.ppt}
}
